[gd_scene load_steps=26 format=3 uid="uid://bgqsbfs4mqddv"]

[ext_resource type="Script" path="res://Scripts/Player.gd" id="1_7egsh"]
[ext_resource type="Texture2D" uid="uid://443l3yqj54yf" path="res://Resources/CharAnim.png" id="2_wl0fo"]

[sub_resource type="CircleShape2D" id="CircleShape2D_i2nr5"]
radius = 31.0644

[sub_resource type="Animation" id="Animation_6nrmk"]
resource_name = "backward"
length = 0.5
loop_mode = 1
tracks/0/type = "value"
tracks/0/imported = false
tracks/0/enabled = true
tracks/0/path = NodePath("PlayerSprite:frame_coords")
tracks/0/interp = 1
tracks/0/loop_wrap = true
tracks/0/keys = {
"times": PackedFloat32Array(0, 0.2, 0.4),
"transitions": PackedFloat32Array(1, 1, 1),
"update": 1,
"values": [Vector2i(6, 1), Vector2i(7, 1), Vector2i(8, 1)]
}

[sub_resource type="Animation" id="Animation_bx8y6"]
resource_name = "forward"
length = 0.5
loop_mode = 1
tracks/0/type = "value"
tracks/0/imported = false
tracks/0/enabled = true
tracks/0/path = NodePath("PlayerSprite:frame_coords")
tracks/0/interp = 1
tracks/0/loop_wrap = true
tracks/0/keys = {
"times": PackedFloat32Array(0, 0.2, 0.4),
"transitions": PackedFloat32Array(1, 1, 1),
"update": 1,
"values": [Vector2i(0, 1), Vector2i(1, 1), Vector2i(2, 1)]
}

[sub_resource type="Animation" id="Animation_oqqrl"]
resource_name = "idle"
tracks/0/type = "value"
tracks/0/imported = false
tracks/0/enabled = true
tracks/0/path = NodePath("PlayerSprite:frame_coords")
tracks/0/interp = 1
tracks/0/loop_wrap = true
tracks/0/keys = {
"times": PackedFloat32Array(0),
"transitions": PackedFloat32Array(1),
"update": 1,
"values": [Vector2i(0, 1)]
}

[sub_resource type="Animation" id="Animation_xiwxi"]
resource_name = "left"
length = 0.5
loop_mode = 1
tracks/0/type = "value"
tracks/0/imported = false
tracks/0/enabled = true
tracks/0/path = NodePath("PlayerSprite:frame_coords")
tracks/0/interp = 1
tracks/0/loop_wrap = true
tracks/0/keys = {
"times": PackedFloat32Array(0, 0.2, 0.4),
"transitions": PackedFloat32Array(1, 1, 1),
"update": 1,
"values": [Vector2i(9, 1), Vector2i(10, 1), Vector2i(11, 1)]
}

[sub_resource type="Animation" id="Animation_cjkoy"]
resource_name = "right"
length = 0.5
loop_mode = 1
tracks/0/type = "value"
tracks/0/imported = false
tracks/0/enabled = true
tracks/0/path = NodePath("PlayerSprite:frame_coords")
tracks/0/interp = 1
tracks/0/loop_wrap = true
tracks/0/keys = {
"times": PackedFloat32Array(0, 0.2, 0.4),
"transitions": PackedFloat32Array(1, 1, 1),
"update": 1,
"values": [Vector2i(3, 1), Vector2i(4, 1), Vector2i(5, 1)]
}

[sub_resource type="AnimationLibrary" id="AnimationLibrary_eabvl"]
_data = {
"backward": SubResource("Animation_6nrmk"),
"forward": SubResource("Animation_bx8y6"),
"idle": SubResource("Animation_oqqrl"),
"left": SubResource("Animation_xiwxi"),
"right": SubResource("Animation_cjkoy")
}

[sub_resource type="AnimationNodeAnimation" id="AnimationNodeAnimation_rmksd"]
animation = &"backward"

[sub_resource type="AnimationNodeAnimation" id="AnimationNodeAnimation_8bbkk"]
animation = &"forward"

[sub_resource type="AnimationNodeAnimation" id="AnimationNodeAnimation_i0jk8"]
animation = &"idle"

[sub_resource type="AnimationNodeAnimation" id="AnimationNodeAnimation_m151x"]
animation = &"left"

[sub_resource type="AnimationNodeAnimation" id="AnimationNodeAnimation_jligg"]
animation = &"right"

[sub_resource type="AnimationNodeStateMachineTransition" id="AnimationNodeStateMachineTransition_5csgl"]

[sub_resource type="AnimationNodeStateMachineTransition" id="AnimationNodeStateMachineTransition_h7ygv"]

[sub_resource type="AnimationNodeStateMachineTransition" id="AnimationNodeStateMachineTransition_qys0e"]

[sub_resource type="AnimationNodeStateMachineTransition" id="AnimationNodeStateMachineTransition_a33qa"]

[sub_resource type="AnimationNodeStateMachineTransition" id="AnimationNodeStateMachineTransition_ip0ie"]

[sub_resource type="AnimationNodeStateMachineTransition" id="AnimationNodeStateMachineTransition_7ugjy"]

[sub_resource type="AnimationNodeStateMachineTransition" id="AnimationNodeStateMachineTransition_ja1te"]

[sub_resource type="AnimationNodeStateMachineTransition" id="AnimationNodeStateMachineTransition_xqcfw"]

[sub_resource type="AnimationNodeStateMachineTransition" id="AnimationNodeStateMachineTransition_6jqn5"]
advance_mode = 2

[sub_resource type="AnimationNodeStateMachine" id="AnimationNodeStateMachine_mvddq"]
states/End/position = Vector2(897, 100)
states/Start/position = Vector2(398, 140)
states/backward/node = SubResource("AnimationNodeAnimation_rmksd")
states/backward/position = Vector2(525, 18)
states/forward/node = SubResource("AnimationNodeAnimation_8bbkk")
states/forward/position = Vector2(525, 183)
states/idle/node = SubResource("AnimationNodeAnimation_i0jk8")
states/idle/position = Vector2(525, 100)
states/left/node = SubResource("AnimationNodeAnimation_m151x")
states/left/position = Vector2(386, 69)
states/right/node = SubResource("AnimationNodeAnimation_jligg")
states/right/position = Vector2(669, 69)
transitions = ["idle", "backward", SubResource("AnimationNodeStateMachineTransition_5csgl"), "idle", "right", SubResource("AnimationNodeStateMachineTransition_h7ygv"), "idle", "forward", SubResource("AnimationNodeStateMachineTransition_qys0e"), "idle", "left", SubResource("AnimationNodeStateMachineTransition_a33qa"), "backward", "idle", SubResource("AnimationNodeStateMachineTransition_ip0ie"), "right", "idle", SubResource("AnimationNodeStateMachineTransition_7ugjy"), "forward", "idle", SubResource("AnimationNodeStateMachineTransition_ja1te"), "left", "idle", SubResource("AnimationNodeStateMachineTransition_xqcfw"), "Start", "idle", SubResource("AnimationNodeStateMachineTransition_6jqn5")]

[sub_resource type="AnimationNodeStateMachinePlayback" id="AnimationNodeStateMachinePlayback_lk8m0"]

[node name="Player" type="CharacterBody2D"]
position = Vector2(620, 300)
scale = Vector2(0.8, 0.8)
script = ExtResource("1_7egsh")

[node name="PlayerSprite" type="Sprite2D" parent="."]
position = Vector2(3.75, 16.25)
scale = Vector2(2.78743, 2.78743)
texture = ExtResource("2_wl0fo")
hframes = 12
vframes = 4
frame = 18

[node name="PlayerCollisionArea" type="CollisionShape2D" parent="."]
shape = SubResource("CircleShape2D_i2nr5")

[node name="AnimationPlayer" type="AnimationPlayer" parent="."]
libraries = {
"": SubResource("AnimationLibrary_eabvl")
}

[node name="AnimationTree" type="AnimationTree" parent="."]
tree_root = SubResource("AnimationNodeStateMachine_mvddq")
anim_player = NodePath("../AnimationPlayer")
active = true
parameters/playback = SubResource("AnimationNodeStateMachinePlayback_lk8m0")
